<record><leader>00000cas a2200000 a 4500</leader><controlfield tag="001">10117886</controlfield><controlfield tag="008">831110c19439999iludr ne      0   a0eng c</controlfield><datafield ind1=" " ind2=" " tag="010"><subfield code="a">sn 83005091 </subfield></datafield><datafield ind1=" " ind2=" " tag="040"><subfield code="a">SPI</subfield><subfield code="b">eng</subfield><subfield code="c">SPI</subfield><subfield code="d">NSD</subfield><subfield code="d">NVF</subfield><subfield code="d">OCLCQ</subfield><subfield code="d">NVF</subfield><subfield code="d">OCLCF</subfield><subfield code="d">OCLCO</subfield><subfield code="d">NVF</subfield><subfield code="d">COO</subfield></datafield><datafield ind1=" " ind2=" " tag="019"><subfield code="a">990604163</subfield></datafield><datafield ind1="1" ind2=" " tag="022"><subfield code="a">0746-6358</subfield><subfield code="l">0746-6358</subfield><subfield code="2">1</subfield></datafield><datafield ind1="1" ind2=" " tag="029"><subfield code="a">NZ1</subfield><subfield code="b">455263</subfield></datafield><datafield ind1="1" ind2=" " tag="029"><subfield code="a">AU@</subfield><subfield code="b">000020415008</subfield></datafield><datafield ind1="1" ind2=" " tag="029"><subfield code="a">AU@</subfield><subfield code="b">000044352525</subfield></datafield><datafield ind1="1" ind2=" " tag="029"><subfield code="a">NZ1</subfield><subfield code="b">16075879</subfield></datafield><datafield ind1=" " ind2=" " tag="032"><subfield code="a">453020</subfield><subfield code="b">USPS</subfield></datafield><datafield ind1=" " ind2=" " tag="042"><subfield code="a">nsdp</subfield><subfield code="a">pcc</subfield></datafield><datafield ind1=" " ind2=" " tag="043"><subfield code="a">n-us-il</subfield></datafield><datafield ind1=" " ind2="4" tag="222"><subfield code="a">The Quincy herald-Whig</subfield></datafield><datafield ind1="0" ind2="4" tag="245"><subfield code="a">The Quincy herald-Whig.</subfield></datafield><datafield ind1="3" ind2=" " tag="246"><subfield code="a">Quincy herald Whig</subfield></datafield><datafield ind1=" " ind2=" " tag="260"><subfield code="a">Quincy, Ill. :</subfield><subfield code="b">Quincy Newspapers, Inc.,</subfield><subfield code="c">1943-</subfield></datafield><datafield ind1=" " ind2=" " tag="300"><subfield code="a">v.</subfield></datafield><datafield ind1=" " ind2=" " tag="310"><subfield code="a">Daily</subfield></datafield><datafield ind1="0" ind2=" " tag="362"><subfield code="a">Vol. 108, no. 213 (Aug. 1, 1943)-</subfield></datafield><datafield ind1=" " ind2=" " tag="515"><subfield code="a">Continues the numbering of Quincy herald-Whig and the Quincy journal.</subfield></datafield><datafield ind1=" " ind2=" " tag="530"><subfield code="a">Also available via the World Wide Web.</subfield></datafield><datafield ind1=" " ind2="0" tag="651"><subfield code="a">Quincy (Ill.)</subfield><subfield code="v">Newspapers.</subfield></datafield><datafield ind1=" " ind2="7" tag="651"><subfield code="a">Illinois</subfield><subfield code="z">Quincy.</subfield><subfield code="2">fast</subfield><subfield code="0">(OCoLC)fst01212078</subfield></datafield><datafield ind1=" " ind2="7" tag="655"><subfield code="a">Newspapers.</subfield><subfield code="2">fast</subfield><subfield code="0">(OCoLC)fst01423814</subfield></datafield><datafield ind1=" " ind2=" " tag="752"><subfield code="a">United States</subfield><subfield code="b">Illinois</subfield><subfield code="c">Adams County</subfield><subfield code="d">Quincy.</subfield></datafield><datafield ind1="0" ind2="0" tag="780"><subfield code="t">Quincy herald-Whig and the Quincy journal</subfield><subfield code="w">(DLC)sn 92054611</subfield><subfield code="w">(OCoLC)26042740</subfield></datafield><datafield ind1="4" ind2="1" tag="856"><subfield code="u">http://www.whig.com</subfield></datafield></record>